@article{TitlesOn,
}

@article{pfamdb,
	author=	"R.D. Finn and J. Mistry and B. Schuster-B{\"{o}}ckler and S. Griffiths-Jones and V. Hollich and T. Lassmann and S. Moxon and M. Marshall and A. Khanna and R. Durbin and S.R. Eddy and E.L.L. Sonnhammer and A. Bateman",
	title=	"Pfam: clans, web tools and services",
	journal="Nucleic Acids Research",
	year=	"2006",
	volume=	"34",
	pages=	"D247-D251" }

@article{pfam2002,
	author="Alex Bateman and Ewan Birney and Lorenzo Cerruti and Richard Durbin and Laurence Etwiller and Sean Eddy and Sam Griffiths-Jones and Kevin Howe and Mhairi Marshall and Erik Sonnhammer",
	title="The Pfam Protein Families Database",
	journal="Nucleic Acids Research",
	year="2002",
	volume="30",
	number="1",
	pages="276-280"
	}

@article{cado,
	author="Yuzhen Ye and Adam Godzik",
	title="Comparative Analysis of Protein Domain Organisation",
	journal="Genome Research",
	year="2004",
	pages="343-353",
	volume="14"
}

@article{fong,
	author="Jessica Fong and Lewis Geer and Anna Panchenko and Stephen Bryant",
	title="Modeling the Evolution of Protein Domain Architectures Using Maximum Parsimony",
	journal="J Mol Biol.",
	volume="366",
	year="2007",
	pages="307-315"
}
                 
@article{nwalgo,
	author="Needleman, S. B. and Wunsch, C. D.",
	title="A general method applicable to the search for similarities in the amino acid sequence of two proteins",
	journal="J Mol Biol",
	volume="48 (3)",
	year="1970",
	pages="443-453"
}
            
@article{uniprot,
	URL="http://www.ebi.ac.uk/thornton-srv/databases/pdbsum/data/unichain.dat",
	title="The Universal Protein Resource (UniProt)",
	journal="Nucleic Acids Research",
	year=2008,
	volume=36,
	pages="D190-D195",
	key="UniProt Consortium"
}

@article{pdbsprotec,
	author="Andrew C.R. Martin",
	title="PDBSprotEC: a Web-accessible database linking PDB chains to EC numbers via SwissProt",
	journal="Bioinformatics",
	year="2004",
	volume="20",
	number="6",
	pages="986-988"
	}

@article{force,
	author="Fruchterman, T.M.J. and Reingold, E.M.",
	title="Graph drawing by force-directed placement",
	journal="Soft. Pract. Exper.",
	year="1991",
	pages="1129-1164"
	}

@article{drugbank,
	URL="http://www.drugbank.ca/cgi-bin/download.cgi",
	author="D.S. Wishart and C. Knox and A.C. Guo and D. Cheng and S. Shrivastava and D. Tzur and B. Gautam and M. Hassanali",
	title=" DrugBank: a knowledgebase for drugs, drug actions and drug targets",
	journal="Nucleic Acids Research",
	volume=36,
	pages="D901-6",
	year=2008,
	month=Jan
}

@article{pdb,
	URL="www.pdb.org",
	author="H.M. Berman and J. Westbrook and Z. Feng and G. Gilliland and T.N. Bhat and H. Weissig and I.N. Shindyalov and P.E. Bourne",
	title="The Protein Data Bank",
	journal="Nucleic Acids Research",
	volume=28,
	pages="235-242",
	year=2000,
}

@misc{lucene,
	howpublished="\url{http://lucene.apache.org/}",
	key="Lucene",
	}


